<?xml version="1.0" encoding="UTF-8"?>
  <record xmlns="http://www.loc.gov/MARC21/slim" type="Authority">
    <leader>00000nz  a2200000nc 4500</leader>
    <controlfield tag="001">118505092</controlfield>
    <controlfield tag="003">DE-101</controlfield>
    <controlfield tag="005">20220525003142.0</controlfield>
    <controlfield tag="008">880701n||azznnaabn           | aaa    |c</controlfield>
    <datafield tag="024" ind1="7" ind2=" ">
      <subfield code="a">118505092</subfield>
      <subfield code="0">http://d-nb.info/gnd/118505092</subfield>
      <subfield code="2">gnd</subfield>
    </datafield>
    <datafield tag="035" ind1=" " ind2=" ">
      <subfield code="a">(DE-101)118505092</subfield>
    </datafield>
    <datafield tag="035" ind1=" " ind2=" ">
      <subfield code="a">(DE-588)118505092</subfield>
    </datafield>
    <datafield tag="035" ind1=" " ind2=" ">
      <subfield code="z">(DE-588)1243963220</subfield>
    </datafield>
    <datafield tag="035" ind1=" " ind2=" ">
      <subfield code="z">(DE-588a)118505092</subfield>
      <subfield code="9">v:zg</subfield>
    </datafield>
    <datafield tag="035" ind1=" " ind2=" ">
      <subfield code="z">(DE-588c)4003627-3</subfield>
      <subfield code="9">v:zg</subfield>
    </datafield>
    <datafield tag="040" ind1=" " ind2=" ">
      <subfield code="a">DE-101</subfield>
      <subfield code="c">DE-101</subfield>
      <subfield code="9">r:DE-101</subfield>
      <subfield code="b">ger</subfield>
      <subfield code="d">9999</subfield>
      <subfield code="e">rda</subfield>
    </datafield>
    <datafield tag="042" ind1=" " ind2=" ">
      <subfield code="a">gnd1</subfield>
    </datafield>
    <datafield tag="043" ind1=" " ind2=" ">
      <subfield code="c">XA-DE</subfield>
      <subfield code="c">XA-PL</subfield>
    </datafield>
    <datafield tag="065" ind1=" " ind2=" ">
      <subfield code="a">16.5p</subfield>
      <subfield code="2">sswd</subfield>
    </datafield>
    <datafield tag="075" ind1=" " ind2=" ">
      <subfield code="b">p</subfield>
      <subfield code="2">gndgen</subfield>
    </datafield>
    <datafield tag="075" ind1=" " ind2=" ">
      <subfield code="b">pik</subfield>
      <subfield code="2">gndspec</subfield>
    </datafield>
    <datafield tag="079" ind1=" " ind2=" ">
      <subfield code="a">g</subfield>
      <subfield code="q">s</subfield>
      <subfield code="q">a</subfield>
      <subfield code="q">f</subfield>
      <subfield code="q">z</subfield>
      <subfield code="q">d</subfield>
      <subfield code="u">w</subfield>
      <subfield code="u">k</subfield>
      <subfield code="u">v</subfield>
      <subfield code="u">o</subfield>
    </datafield>
    <datafield tag="100" ind1="0" ind2=" ">
      <subfield code="a">August</subfield>
      <subfield code="b">III.</subfield>
      <subfield code="c">Polen, König</subfield>
      <subfield code="d">1696-1763</subfield>
    </datafield>
    <datafield tag="375" ind1=" " ind2=" ">
      <subfield code="a">1</subfield>
      <subfield code="2">iso5218</subfield>
    </datafield>
    <datafield tag="400" ind1="0" ind2=" ">
      <subfield code="a">August</subfield>
      <subfield code="b">III.</subfield>
      <subfield code="d">1696-1763</subfield>
    </datafield>
    <datafield tag="400" ind1="0" ind2=" ">
      <subfield code="a">August</subfield>
      <subfield code="b">III.</subfield>
      <subfield code="c">Polska, Król</subfield>
      <subfield code="d">1696-1763</subfield>
    </datafield>
    <datafield tag="400" ind1="0" ind2=" ">
      <subfield code="a">August</subfield>
      <subfield code="c">Polonia, Rex, III.</subfield>
      <subfield code="d">1696-1763</subfield>
    </datafield>
    <datafield tag="400" ind1="0" ind2=" ">
      <subfield code="a">August</subfield>
      <subfield code="c">Sachsen, Kurfürst</subfield>
      <subfield code="d">1696-1763</subfield>
    </datafield>
    <datafield tag="400" ind1="0" ind2=" ">
      <subfield code="a">August</subfield>
      <subfield code="b">II.</subfield>
      <subfield code="c">König von Polen</subfield>
      <subfield code="d">1696-1763</subfield>
    </datafield>
    <datafield tag="400" ind1="0" ind2=" ">
      <subfield code="a">August</subfield>
      <subfield code="c">der Schwache</subfield>
      <subfield code="d">1696-1763</subfield>
    </datafield>
    <datafield tag="400" ind1="0" ind2=" ">
      <subfield code="a">Friedrich August</subfield>
      <subfield code="b">II.</subfield>
      <subfield code="c">Sachsen, Kurfürst</subfield>
      <subfield code="d">1696-1763</subfield>
    </datafield>
    <datafield tag="400" ind1="0" ind2=" ">
      <subfield code="a">Friedrich August</subfield>
      <subfield code="c">Polen, König</subfield>
      <subfield code="d">1696-1763</subfield>
    </datafield>
    <datafield tag="400" ind1="0" ind2=" ">
      <subfield code="a">Friedrich August</subfield>
      <subfield code="c">Pohlen, König</subfield>
      <subfield code="d">1696-1763</subfield>
    </datafield>
    <datafield tag="400" ind1="0" ind2=" ">
      <subfield code="a">Friedrich August</subfield>
      <subfield code="c">Polen, König, II.</subfield>
      <subfield code="d">1696-1763</subfield>
    </datafield>
    <datafield tag="400" ind1="0" ind2=" ">
      <subfield code="a">Friedrich August</subfield>
      <subfield code="b">II.</subfield>
      <subfield code="c">Pohlen, König</subfield>
      <subfield code="d">1696-1763</subfield>
    </datafield>
    <datafield tag="400" ind1="0" ind2=" ">
      <subfield code="a">Friedrich August</subfield>
      <subfield code="c">Sachsen, Chur-Printz</subfield>
      <subfield code="d">1696-1763</subfield>
    </datafield>
    <datafield tag="400" ind1="0" ind2=" ">
      <subfield code="a">Friedrich August</subfield>
      <subfield code="c">Sachsen, Kurprinz</subfield>
      <subfield code="d">1696-1763</subfield>
    </datafield>
    <datafield tag="400" ind1="0" ind2=" ">
      <subfield code="a">Friedrich August</subfield>
      <subfield code="c">Sachsen, Prinz</subfield>
      <subfield code="d">1696-1763</subfield>
    </datafield>
    <datafield tag="400" ind1="0" ind2=" ">
      <subfield code="a">Friedrich August</subfield>
      <subfield code="c">Sachsen, Herzog</subfield>
      <subfield code="d">1696-1763</subfield>
    </datafield>
    <datafield tag="400" ind1="0" ind2=" ">
      <subfield code="a">Friedrich August</subfield>
      <subfield code="c">Sachsen, König</subfield>
      <subfield code="d">1696-1763</subfield>
    </datafield>
    <datafield tag="400" ind1="0" ind2=" ">
      <subfield code="a">Friedrich August</subfield>
      <subfield code="b">II.</subfield>
      <subfield code="c">König von Polen</subfield>
      <subfield code="d">1696-1763</subfield>
    </datafield>
    <datafield tag="400" ind1="0" ind2=" ">
      <subfield code="a">Friedrich August</subfield>
      <subfield code="c">König von Polen</subfield>
      <subfield code="d">1696-1763</subfield>
    </datafield>
    <datafield tag="400" ind1="0" ind2=" ">
      <subfield code="a">Friedrich August</subfield>
      <subfield code="b">II.</subfield>
      <subfield code="d">1696-1763</subfield>
    </datafield>
    <datafield tag="400" ind1="0" ind2=" ">
      <subfield code="a">Friederich August</subfield>
      <subfield code="c">Polen, Prinz</subfield>
      <subfield code="d">1696-1763</subfield>
    </datafield>
    <datafield tag="400" ind1="0" ind2=" ">
      <subfield code="a">Friedrich Augustus</subfield>
      <subfield code="c">Polen, König</subfield>
      <subfield code="d">1696-1763</subfield>
    </datafield>
    <datafield tag="400" ind1="0" ind2=" ">
      <subfield code="a">Friedrich Augustus</subfield>
      <subfield code="c">Polen, König, II.</subfield>
      <subfield code="d">1696-1763</subfield>
    </datafield>
    <datafield tag="400" ind1="0" ind2=" ">
      <subfield code="a">Friedrich Augustus</subfield>
      <subfield code="c">Sachsen, Hertzog</subfield>
      <subfield code="d">1696-1763</subfield>
    </datafield>
    <datafield tag="400" ind1="0" ind2=" ">
      <subfield code="a">Friederich Augustus</subfield>
      <subfield code="c">Polen, Prinz</subfield>
      <subfield code="d">1696-1763</subfield>
    </datafield>
    <datafield tag="400" ind1="0" ind2=" ">
      <subfield code="a">Friederich Augustus</subfield>
      <subfield code="c">Sachsen, Herzog</subfield>
      <subfield code="d">1696-1763</subfield>
    </datafield>
    <datafield tag="400" ind1="0" ind2=" ">
      <subfield code="a">Friedericus Augustus</subfield>
      <subfield code="c">Polen, Prinz</subfield>
      <subfield code="d">1696-1763</subfield>
    </datafield>
    <datafield tag="400" ind1="0" ind2=" ">
      <subfield code="a">Fridericus Augustus</subfield>
      <subfield code="c">Saxonia, Dux</subfield>
      <subfield code="d">1696-1763</subfield>
    </datafield>
    <datafield tag="400" ind1="0" ind2=" ">
      <subfield code="a">Fridericus Augustus</subfield>
      <subfield code="c">Saxonia, Elector</subfield>
      <subfield code="d">1696-1763</subfield>
    </datafield>
    <datafield tag="400" ind1="0" ind2=" ">
      <subfield code="a">Fridericus Augustus</subfield>
      <subfield code="c">Saxonia, Rex</subfield>
      <subfield code="d">1696-1763</subfield>
    </datafield>
    <datafield tag="400" ind1="0" ind2=" ">
      <subfield code="a">Fridericus Augustus</subfield>
      <subfield code="c">Polonia, Rex, II.</subfield>
      <subfield code="d">1696-1763</subfield>
    </datafield>
    <datafield tag="400" ind1="0" ind2=" ">
      <subfield code="a">Fridericus Augustus</subfield>
      <subfield code="c">Polen, König</subfield>
      <subfield code="d">1696-1763</subfield>
    </datafield>
    <datafield tag="400" ind1="0" ind2=" ">
      <subfield code="a">Fridericus Augustus</subfield>
      <subfield code="c">Polonia, Rex</subfield>
      <subfield code="d">1696-1763</subfield>
    </datafield>
    <datafield tag="400" ind1="0" ind2=" ">
      <subfield code="a">Fridericus Augustus</subfield>
      <subfield code="b">II.</subfield>
      <subfield code="c">Pohlen, König</subfield>
      <subfield code="d">1696-1763</subfield>
    </datafield>
    <datafield tag="400" ind1="0" ind2=" ">
      <subfield code="a">Fridericus Augustus</subfield>
      <subfield code="b">II.</subfield>
      <subfield code="c">Sachsen, Kurfürst</subfield>
      <subfield code="d">1696-1763</subfield>
    </datafield>
    <datafield tag="400" ind1="0" ind2=" ">
      <subfield code="a">Friedrich August</subfield>
      <subfield code="c">Sachsen, Kurfürst, II.</subfield>
      <subfield code="d">1696-1763</subfield>
    </datafield>
    <datafield tag="400" ind1="0" ind2=" ">
      <subfield code="a">Friedrich August</subfield>
      <subfield code="c">Polska, Król, II.</subfield>
      <subfield code="d">1696-1763</subfield>
      <subfield code="5">DE-18</subfield>
    </datafield>
    <datafield tag="400" ind1="0" ind2=" ">
      <subfield code="a">Fridrich August</subfield>
      <subfield code="c">Sachsen, Kurfürst</subfield>
      <subfield code="d">1696-1763</subfield>
    </datafield>
    <datafield tag="400" ind1="0" ind2=" ">
      <subfield code="a">Frideric Auguste</subfield>
      <subfield code="c">Pologne, Roi</subfield>
      <subfield code="d">1696-1763</subfield>
    </datafield>
    <datafield tag="400" ind1="0" ind2=" ">
      <subfield code="a">Frédéric Auguste</subfield>
      <subfield code="c">Pologne, Prince</subfield>
      <subfield code="d">1696-1763</subfield>
    </datafield>
    <datafield tag="500" ind1="0" ind2=" ">
      <subfield code="0">(DE-101)118505084</subfield>
      <subfield code="0">(DE-588)118505084</subfield>
      <subfield code="0">https://d-nb.info/gnd/118505084</subfield>
      <subfield code="a">August</subfield>
      <subfield code="b">II.</subfield>
      <subfield code="c">Polen, König</subfield>
      <subfield code="d">1670-1733</subfield>
      <subfield code="4">bezf</subfield>
      <subfield code="4">https://d-nb.info/standards/elementset/gnd#familialRelationship</subfield>
      <subfield code="w">r</subfield>
      <subfield code="i">Beziehung familiaer</subfield>
      <subfield code="e">Beziehung familiaer</subfield>
      <subfield code="9">v:Vater</subfield>
    </datafield>
    <datafield tag="500" ind1="0" ind2=" ">
      <subfield code="0">(DE-101)119337630</subfield>
      <subfield code="0">(DE-588)119337630</subfield>
      <subfield code="0">https://d-nb.info/gnd/119337630</subfield>
      <subfield code="a">Christiane Eberhardine</subfield>
      <subfield code="c">Polen, Königin</subfield>
      <subfield code="d">1671-1727</subfield>
      <subfield code="4">bezf</subfield>
      <subfield code="4">https://d-nb.info/standards/elementset/gnd#familialRelationship</subfield>
      <subfield code="w">r</subfield>
      <subfield code="i">Beziehung familiaer</subfield>
      <subfield code="e">Beziehung familiaer</subfield>
      <subfield code="9">v:Mutter</subfield>
    </datafield>
    <datafield tag="500" ind1="0" ind2=" ">
      <subfield code="0">(DE-101)11917426X</subfield>
      <subfield code="0">(DE-588)11917426X</subfield>
      <subfield code="0">https://d-nb.info/gnd/11917426X</subfield>
      <subfield code="a">Maria Josepha</subfield>
      <subfield code="c">Polen, Königin</subfield>
      <subfield code="d">1699-1757</subfield>
      <subfield code="4">bezf</subfield>
      <subfield code="4">https://d-nb.info/standards/elementset/gnd#familialRelationship</subfield>
      <subfield code="w">r</subfield>
      <subfield code="i">Beziehung familiaer</subfield>
      <subfield code="e">Beziehung familiaer</subfield>
      <subfield code="9">v:Ehefrau</subfield>
    </datafield>
    <datafield tag="500" ind1="0" ind2=" ">
      <subfield code="0">(DE-101)118647652</subfield>
      <subfield code="0">(DE-588)118647652</subfield>
      <subfield code="0">https://d-nb.info/gnd/118647652</subfield>
      <subfield code="a">Albert Kasimir</subfield>
      <subfield code="c">Sachsen-Teschen, Herzog</subfield>
      <subfield code="d">1738-1822</subfield>
      <subfield code="4">bezf</subfield>
      <subfield code="4">https://d-nb.info/standards/elementset/gnd#familialRelationship</subfield>
      <subfield code="w">r</subfield>
      <subfield code="i">Beziehung familiaer</subfield>
      <subfield code="e">Beziehung familiaer</subfield>
      <subfield code="9">v:Sohn</subfield>
    </datafield>
    <datafield tag="500" ind1="0" ind2=" ">
      <subfield code="0">(DE-101)101420153</subfield>
      <subfield code="0">(DE-588)101420153</subfield>
      <subfield code="0">https://d-nb.info/gnd/101420153</subfield>
      <subfield code="a">Xaver</subfield>
      <subfield code="c">Sachsen, Prinz</subfield>
      <subfield code="d">1730-1806</subfield>
      <subfield code="4">bezf</subfield>
      <subfield code="4">https://d-nb.info/standards/elementset/gnd#familialRelationship</subfield>
      <subfield code="w">r</subfield>
      <subfield code="i">Beziehung familiaer</subfield>
      <subfield code="e">Beziehung familiaer</subfield>
      <subfield code="9">v:Sohn</subfield>
    </datafield>
    <datafield tag="500" ind1="0" ind2=" ">
      <subfield code="0">(DE-101)104176326</subfield>
      <subfield code="0">(DE-588)104176326</subfield>
      <subfield code="0">https://d-nb.info/gnd/104176326</subfield>
      <subfield code="a">Friedrich August</subfield>
      <subfield code="c">Sachsen, Herzog</subfield>
      <subfield code="d">1720-1721</subfield>
      <subfield code="4">bezf</subfield>
      <subfield code="4">https://d-nb.info/standards/elementset/gnd#familialRelationship</subfield>
      <subfield code="w">r</subfield>
      <subfield code="i">Beziehung familiaer</subfield>
      <subfield code="e">Beziehung familiaer</subfield>
      <subfield code="9">v:Sohn</subfield>
    </datafield>
    <datafield tag="500" ind1="0" ind2=" ">
      <subfield code="0">(DE-101)118703226</subfield>
      <subfield code="0">(DE-588)118703226</subfield>
      <subfield code="0">https://d-nb.info/gnd/118703226</subfield>
      <subfield code="a">Friedrich Christian</subfield>
      <subfield code="c">Sachsen, Kurfürst</subfield>
      <subfield code="d">1722-1763</subfield>
      <subfield code="4">bezf</subfield>
      <subfield code="4">https://d-nb.info/standards/elementset/gnd#familialRelationship</subfield>
      <subfield code="w">r</subfield>
      <subfield code="i">Beziehung familiaer</subfield>
      <subfield code="e">Beziehung familiaer</subfield>
      <subfield code="9">v:Sohn</subfield>
    </datafield>
    <datafield tag="500" ind1="0" ind2=" ">
      <subfield code="0">(DE-101)101251823</subfield>
      <subfield code="0">(DE-588)101251823</subfield>
      <subfield code="0">https://d-nb.info/gnd/101251823</subfield>
      <subfield code="a">Karl</subfield>
      <subfield code="c">Kurland, Herzog</subfield>
      <subfield code="d">1733-1796</subfield>
      <subfield code="4">bezf</subfield>
      <subfield code="4">https://d-nb.info/standards/elementset/gnd#familialRelationship</subfield>
      <subfield code="w">r</subfield>
      <subfield code="i">Beziehung familiaer</subfield>
      <subfield code="e">Beziehung familiaer</subfield>
      <subfield code="9">v:Sohn</subfield>
    </datafield>
    <datafield tag="500" ind1="0" ind2=" ">
      <subfield code="0">(DE-101)118640208</subfield>
      <subfield code="0">(DE-588)118640208</subfield>
      <subfield code="0">https://d-nb.info/gnd/118640208</subfield>
      <subfield code="a">Klemens Wenzeslaus</subfield>
      <subfield code="c">Trier, Erzbischof</subfield>
      <subfield code="d">1739-1812</subfield>
      <subfield code="4">bezf</subfield>
      <subfield code="4">https://d-nb.info/standards/elementset/gnd#familialRelationship</subfield>
      <subfield code="w">r</subfield>
      <subfield code="i">Beziehung familiaer</subfield>
      <subfield code="e">Beziehung familiaer</subfield>
      <subfield code="9">v:Sohn</subfield>
    </datafield>
    <datafield tag="500" ind1="0" ind2=" ">
      <subfield code="0">(DE-101)1017882010</subfield>
      <subfield code="0">(DE-588)1017882010</subfield>
      <subfield code="0">https://d-nb.info/gnd/1017882010</subfield>
      <subfield code="a">Joseph August</subfield>
      <subfield code="c">Sachsen, Prinz</subfield>
      <subfield code="d">1721-1728</subfield>
      <subfield code="4">bezf</subfield>
      <subfield code="4">https://d-nb.info/standards/elementset/gnd#familialRelationship</subfield>
      <subfield code="w">r</subfield>
      <subfield code="i">Beziehung familiaer</subfield>
      <subfield code="e">Beziehung familiaer</subfield>
      <subfield code="9">v:Sohn</subfield>
    </datafield>
    <datafield tag="500" ind1="0" ind2=" ">
      <subfield code="0">(DE-101)1012457451</subfield>
      <subfield code="0">(DE-588)1012457451</subfield>
      <subfield code="0">https://d-nb.info/gnd/1012457451</subfield>
      <subfield code="a">Elisabeth</subfield>
      <subfield code="c">Sachsen, Prinzessin</subfield>
      <subfield code="d">1736-1819</subfield>
      <subfield code="4">bezf</subfield>
      <subfield code="4">https://d-nb.info/standards/elementset/gnd#familialRelationship</subfield>
      <subfield code="w">r</subfield>
      <subfield code="i">Beziehung familiaer</subfield>
      <subfield code="e">Beziehung familiaer</subfield>
      <subfield code="9">v:Tochter</subfield>
    </datafield>
    <datafield tag="500" ind1="0" ind2=" ">
      <subfield code="0">(DE-101)137353766</subfield>
      <subfield code="0">(DE-588)137353766</subfield>
      <subfield code="0">https://d-nb.info/gnd/137353766</subfield>
      <subfield code="a">Maria Amalia</subfield>
      <subfield code="c">Spanien, Königin</subfield>
      <subfield code="d">1724-1760</subfield>
      <subfield code="4">bezf</subfield>
      <subfield code="4">https://d-nb.info/standards/elementset/gnd#familialRelationship</subfield>
      <subfield code="w">r</subfield>
      <subfield code="i">Beziehung familiaer</subfield>
      <subfield code="e">Beziehung familiaer</subfield>
      <subfield code="9">v:Tochter</subfield>
    </datafield>
    <datafield tag="500" ind1="0" ind2=" ">
      <subfield code="0">(DE-101)118577824</subfield>
      <subfield code="0">(DE-588)118577824</subfield>
      <subfield code="0">https://d-nb.info/gnd/118577824</subfield>
      <subfield code="a">Maria Anna</subfield>
      <subfield code="c">Bayern, Kurfürstin, 1728-1797</subfield>
      <subfield code="d">1728-1797</subfield>
      <subfield code="4">bezf</subfield>
      <subfield code="4">https://d-nb.info/standards/elementset/gnd#familialRelationship</subfield>
      <subfield code="w">r</subfield>
      <subfield code="i">Beziehung familiaer</subfield>
      <subfield code="e">Beziehung familiaer</subfield>
      <subfield code="9">v:Tochter</subfield>
    </datafield>
    <datafield tag="500" ind1="0" ind2=" ">
      <subfield code="0">(DE-101)119447568</subfield>
      <subfield code="0">(DE-588)119447568</subfield>
      <subfield code="0">https://d-nb.info/gnd/119447568</subfield>
      <subfield code="a">Maria Josepha</subfield>
      <subfield code="c">Frankreich, Dauphine</subfield>
      <subfield code="d">1731-1767</subfield>
      <subfield code="4">bezf</subfield>
      <subfield code="4">https://d-nb.info/standards/elementset/gnd#familialRelationship</subfield>
      <subfield code="w">r</subfield>
      <subfield code="i">Beziehung familiaer</subfield>
      <subfield code="e">Beziehung familiaer</subfield>
      <subfield code="9">v:Tochter</subfield>
    </datafield>
    <datafield tag="500" ind1="0" ind2=" ">
      <subfield code="0">(DE-101)1017906912</subfield>
      <subfield code="0">(DE-588)1017906912</subfield>
      <subfield code="0">https://d-nb.info/gnd/1017906912</subfield>
      <subfield code="a">Christine</subfield>
      <subfield code="c">Sachsen, Herzogin</subfield>
      <subfield code="d">1735-1782</subfield>
      <subfield code="4">bezf</subfield>
      <subfield code="4">https://d-nb.info/standards/elementset/gnd#familialRelationship</subfield>
      <subfield code="w">r</subfield>
      <subfield code="i">Beziehung familiaer</subfield>
      <subfield code="e">Beziehung familiaer</subfield>
      <subfield code="9">v:Tochter</subfield>
    </datafield>
    <datafield tag="500" ind1="0" ind2=" ">
      <subfield code="0">(DE-101)116660317</subfield>
      <subfield code="0">(DE-588)116660317</subfield>
      <subfield code="0">https://d-nb.info/gnd/116660317</subfield>
      <subfield code="a">Maria Kunigunde</subfield>
      <subfield code="c">Sachsen, Prinzessin</subfield>
      <subfield code="d">1740-1826</subfield>
      <subfield code="4">bezf</subfield>
      <subfield code="4">https://d-nb.info/standards/elementset/gnd#familialRelationship</subfield>
      <subfield code="w">r</subfield>
      <subfield code="i">Beziehung familiaer</subfield>
      <subfield code="e">Beziehung familiaer</subfield>
      <subfield code="9">v:Tochter</subfield>
    </datafield>
    <datafield tag="548" ind1=" " ind2=" ">
      <subfield code="a">1696-1763</subfield>
      <subfield code="4">datl</subfield>
      <subfield code="4">https://d-nb.info/standards/elementset/gnd#dateOfBirthAndDeath</subfield>
      <subfield code="w">r</subfield>
      <subfield code="i">Lebensdaten</subfield>
    </datafield>
    <datafield tag="548" ind1=" " ind2=" ">
      <subfield code="a">17.10.1696-05.10.1763</subfield>
      <subfield code="4">datx</subfield>
      <subfield code="4">https://d-nb.info/standards/elementset/gnd#dateOfBirthAndDeath</subfield>
      <subfield code="w">r</subfield>
      <subfield code="i">Exakte Lebensdaten</subfield>
      <subfield code="9">v:abweichendes Geburtsdatum: 07.10.1696</subfield>
    </datafield>
    <datafield tag="550" ind1=" " ind2=" ">
      <subfield code="0">(DE-101)040315169</subfield>
      <subfield code="0">(DE-588)4031516-2</subfield>
      <subfield code="0">https://d-nb.info/gnd/4031516-2</subfield>
      <subfield code="a">König</subfield>
      <subfield code="4">berc</subfield>
      <subfield code="4">https://d-nb.info/standards/elementset/gnd#professionOrOccupation</subfield>
      <subfield code="w">r</subfield>
      <subfield code="i">Charakteristischer Beruf</subfield>
    </datafield>
    <datafield tag="550" ind1=" " ind2=" ">
      <subfield code="0">(DE-101)041662032</subfield>
      <subfield code="0">(DE-588)4166203-9</subfield>
      <subfield code="0">https://d-nb.info/gnd/4166203-9</subfield>
      <subfield code="a">Kurfürst</subfield>
      <subfield code="4">beru</subfield>
      <subfield code="4">https://d-nb.info/standards/elementset/gnd#professionOrOccupation</subfield>
      <subfield code="w">r</subfield>
      <subfield code="i">Beruf</subfield>
    </datafield>
    <datafield tag="551" ind1=" " ind2=" ">
      <subfield code="0">(DE-101)040129950</subfield>
      <subfield code="0">(DE-588)4012995-0</subfield>
      <subfield code="0">https://d-nb.info/gnd/4012995-0</subfield>
      <subfield code="a">Dresden</subfield>
      <subfield code="4">ortg</subfield>
      <subfield code="4">https://d-nb.info/standards/elementset/gnd#placeOfBirth</subfield>
      <subfield code="w">r</subfield>
      <subfield code="i">Geburtsort</subfield>
    </datafield>
    <datafield tag="551" ind1=" " ind2=" ">
      <subfield code="0">(DE-101)040129950</subfield>
      <subfield code="0">(DE-588)4012995-0</subfield>
      <subfield code="0">https://d-nb.info/gnd/4012995-0</subfield>
      <subfield code="a">Dresden</subfield>
      <subfield code="4">orts</subfield>
      <subfield code="4">https://d-nb.info/standards/elementset/gnd#placeOfDeath</subfield>
      <subfield code="w">r</subfield>
      <subfield code="i">Sterbeort</subfield>
    </datafield>
    <datafield tag="667" ind1=" " ind2=" ">
      <subfield code="a">SAEBI</subfield>
      <subfield code="5">DE-14</subfield>
    </datafield>
    <datafield tag="667" ind1=" " ind2=" ">
      <subfield code="a">12</subfield>
    </datafield>
    <datafield tag="667" ind1=" " ind2=" ">
      <subfield code="a">384</subfield>
    </datafield>
    <datafield tag="667" ind1=" " ind2=" ">
      <subfield code="a">7</subfield>
    </datafield>
    <datafield tag="667" ind1=" " ind2=" ">
      <subfield code="a">3</subfield>
    </datafield>
    <datafield tag="667" ind1=" " ind2=" ">
      <subfield code="a">VD-18</subfield>
    </datafield>
    <datafield tag="667" ind1=" " ind2=" ">
      <subfield code="a">SAEBI</subfield>
      <subfield code="5">DE-14</subfield>
    </datafield>
    <datafield tag="670" ind1=" " ind2=" ">
      <subfield code="a">Pressearchiv des Herder-Instituts Marburg</subfield>
    </datafield>
    <datafield tag="670" ind1=" " ind2=" ">
      <subfield code="a">B 1986</subfield>
    </datafield>
    <datafield tag="670" ind1=" " ind2=" ">
      <subfield code="a">DbA I 349,345-346;II 406,115-124;III 266,238-240</subfield>
    </datafield>
    <datafield tag="670" ind1=" " ind2=" ">
      <subfield code="a">Wikipedia</subfield>
      <subfield code="u">https://de.wikipedia.org/wiki/August_III._%28Polen%29</subfield>
    </datafield>
    <datafield tag="672" ind1=" " ind2="0">
      <subfield code="a">August &lt;Polska, Król, III.&gt;: Verordnungen für die Königlich Pohlnische Stadt Danzig</subfield>
      <subfield code="f">1751</subfield>
    </datafield>
    <datafield tag="672" ind1=" " ind2="0">
      <subfield code="a">August &lt;Polska, Król, III.&gt;: Ordinationes regiae Poloniae civitati Gedanensi clementissi</subfield>
      <subfield code="f">1751</subfield>
    </datafield>
    <datafield tag="672" ind1=" " ind2="0">
      <subfield code="a">August &lt;Polska, Król, III.&gt;: Verordnungen für die Stadt Danzig</subfield>
      <subfield code="f">1750</subfield>
    </datafield>
    <datafield tag="672" ind1=" " ind2="0">
      <subfield code="a">Noticia em que se da a ler a carta, que el rey de Polonia escreveo aos Estados Geraes das</subfield>
      <subfield code="f">1757</subfield>
    </datafield>
    <datafield tag="678" ind1=" " ind2=" ">
      <subfield code="b">ab 1733 Kurfürst von Sachsen (als Friedrich August II.); ab 1734 König von Polen und Großherzog von Litauen (als August II.)</subfield>
    </datafield>
    <datafield tag="913" ind1=" " ind2=" ">
      <subfield code="S">pnd</subfield>
      <subfield code="i">5</subfield>
      <subfield code="a">August &lt;Polska, Król, III.&gt;</subfield>
      <subfield code="0">(DE-588a)118505092</subfield>
    </datafield>
    <datafield tag="913" ind1=" " ind2=" ">
      <subfield code="S">pnd</subfield>
      <subfield code="i">5</subfield>
      <subfield code="a">August &lt;Polen, König, III.&gt;</subfield>
      <subfield code="0">(DE-588a)118505092</subfield>
    </datafield>
  </record>
